@article{haklay2008openstreetmap,
  title={Openstreetmap: User-generated street maps},
  author={Haklay, Mordechai and Weber, Patrick},
  journal={IEEE Pervasive computing},
  volume={7},
  number={4},
  pages={12--18},
  year={2008},
  publisher={Ieee}
}

@online{Gemsa2017OsmToRoadGraph,
  author = {Andreas Gemsa},
  title = {OsmToRoadGraph},
  year = 2017,
  url = {https://github.com/AndGem/OsmToRoadGraph},
  urldate = {2021-05-02}
}